@incollection{beyer1999nearest,
  title={When is “nearest neighbor” meaningful?},
  author={Beyer, Kevin and Goldstein, Jonathan and Ramakrishnan, Raghu and Shaft, Uri},
  booktitle={Database Theory—ICDT’99},
  pages={217--235},
  year={1999},
  publisher={Springer}
}