@incollection{beyer1999nearest,
  title={When is “nearest neighbor” meaningful?},
  author={Beyer, Kevin and Goldstein, Jonathan and Ramakrishnan, Raghu and Shaft, Uri},
  booktitle={Database Theory—ICDT’99},
  pages={217--235},
  year={1999},
  publisher={Springer}
}

@inproceedings{latecki2000shape,
  title={Shape descriptors for non-rigid shapes with a single closed contour},
  author={Latecki, Longin Jan and Lakamper, Rolf and Eckhardt, T},
  booktitle={Proceedings IEEE Conference on Computer Vision and Pattern Recognition},
  volume={1},
  pages={424--429},
  year={2000},
  organization={IEEE}
}

@article{tukey1977exploratory,
  title={Exploratory data analysis},
  author={Tukey, John W},
  journal={Reading, Ma},
  volume={231},
  year={1977}
}

@BOOK{data,
  title={An Extendible Package for Data Exploration, Classification and Correlation},
  author={Forina, M. et al, PARVUS},
	address={Via Brigata Salerno, 16147 Genoa, Italy},
  PUBLISHER={Institute of Pharmaceutical and Food Analysis and Technologies},
  year={1990}
}